<?xml version="1.0" encoding="UTF-8"?><collection xmlns="http://www.loc.gov/MARC21/slim"><record><leader>00583nam--2200133-i-4500</leader><controlfield tag="001">000010988</controlfield><controlfield tag="002">20161230</controlfield><controlfield tag="005">20161230201029</controlfield><controlfield tag="008">060222s1000------------r-----000-0-eng-d</controlfield><datafield ind1=" " ind2=" " tag="080"><subfield code="a">669.017.12(043)</subfield></datafield><datafield ind1=" " ind2=" " tag="100"><subfield code="a">Com-nougue, Jacques</subfield></datafield><datafield ind1=" " ind2=" " tag="245"><subfield code="a">Cinetique comparee d`oxydation, en fonction de la temperature, du yirconium et du titane (h.c.) et de leurs alliages zr-0 et ti-0 consequence de l`oxygene en solution solide sur les proprietes mecaniques du zirconium et sur les parameters structureaux</subfield></datafield><datafield ind1=" " ind2=" " tag="260"><subfield code="a">Paris, Universite Paris-sud, Centre D`Orsay, 1972 259-272 P</subfield></datafield><datafield ind1=" " ind2=" " tag="852"><subfield code="a">40543</subfield></datafield></record></collection>